
@article{template,
  title={Template},
  author={Template},
  journal={Template},
  volume={1},
  number={1},
  pages={1},
  year={2001},
  publisher={Template}
}

@book{distributed_algorithms,
    title = {Distributed Algorithms},
    author = {Nancy A. Lynch},
    year = {1996},
    publisher = {Morgan Kaufmann},
    ISBN = {9780080504704}
}

@article{byzantine_generals,
  author    = {Leslie Lamport and
               Robert E. Shostak and
               Marshall C. Pease},
  title     = {The Byzantine Generals Problem},
  journal   = {{ACM} Trans. Program. Lang. Syst.},
  volume    = {4},
  number    = {3},
  pages     = {382--401},
  year      = {1982},
  url       = {http://doi.acm.org/10.1145/357172.357176},
  doi       = {10.1145/357172.357176},
  timestamp = {Wed, 14 Nov 2018 10:30:40 +0100},
  biburl    = {https://dblp.org/rec/journals/toplas/LamportSP82.bib},
  bibsource = {dblp computer science bibliography, https://dblp.org}
}

@article{simple_populaiton_protocol,
  title={A simple population protocol for fast robust approximate majority},
  author={Dana Angluin, James Aspnes, David Eisenstat},
  journal={Distributed Computing},
  volume={21},
  pages={87â€“102},
  year={2008},
  publisher={Springer}
}